<record xmlns="http://www.loc.gov/MARC21/slim" xmlns:xsi="http://www.w3.org/2001/XMLSchema-instance" xsi:schemaLocation="http://www.loc.gov/MARC21/slim http://www.loc.gov/standards/marcxml/schema/MARC21slim.xsd"><leader>01789nam a2200373   4500</leader><controlfield tag="001">001776715</controlfield><controlfield tag="003">NNU</controlfield><controlfield tag="006">m        d        </controlfield><controlfield tag="007">cr cn |||m|||a</controlfield><controlfield tag="008">150223m19681969iq ac   o     000 0 ara</controlfield><datafield ind1=" " ind2=" " tag="040"><subfield code="a">NNU</subfield><subfield code="b">eng</subfield><subfield code="c">NNU</subfield></datafield><datafield ind1=" " ind2="4" tag="050"><subfield code="a">PJ7816</subfield><subfield code="b">.A44 1968</subfield></datafield><datafield ind1=" " ind2=" " tag="066"><subfield code="c">(3</subfield></datafield><datafield ind1="1" ind2=" " tag="100"><subfield code="6">880-01</subfield><subfield code="a">Ba&#7717;r al-&#699;Ul&#363;m, Mu&#7717;ammad &#7778;&#257;li&#7717;,</subfield><subfield code="d">1909-</subfield></datafield><datafield ind1="1" ind2="0" tag="245"><subfield code="6">880-02</subfield><subfield code="a">D&#299;w&#257;n Ba&#7717;r al-&#699;Ul&#363;m</subfield><subfield code="h">[electronic resource] /</subfield><subfield code="c">Mu&#7717;ammad &#7778;&#257;li&#7717; Ba&#7717;r al-&#699;Ul&#363;m.</subfield></datafield><datafield ind1="1" ind2="4" tag="246"><subfield code="a">Bahr al-Ulum divan</subfield></datafield><datafield ind1=" " ind2=" " tag="250"><subfield code="6">880-03</subfield><subfield code="a">al-&#7788;ab&#699;ah 1.</subfield></datafield><datafield ind1=" " ind2=" " tag="260"><subfield code="6">880-04</subfield><subfield code="a">Baghd&#257;d :</subfield><subfield code="b">Ma&#7789;ba&#699;at D&#257;r al-Ta&#7693;&#257;mun,</subfield><subfield code="c">1968-1969.</subfield></datafield><datafield ind1=" " ind2=" " tag="300"><subfield code="a">online resource (v.) :</subfield><subfield code="b">ill., ports.</subfield></datafield><datafield ind1=" " ind2=" " tag="500"><subfield code="a">At head of title* Sh&#257;&#699;ir al-sha&#699;b Mu&#7717;ammad &#7778;&#257;li&#7717; Ba&#7717;r al-&#699;Ul&#363;m.</subfield></datafield><datafield ind1=" " ind2=" " tag="500"><subfield code="a">Cover title: Bahr al-Ulum divan/Mohamed Saleh Bahr al-Ulum.</subfield></datafield><datafield ind1=" " ind2=" " tag="500"><subfield code="a">Part of the Arabic Collections Online (ACO) project, contributed by New York Univeristy Libraries.</subfield></datafield><datafield ind1=" " ind2=" " tag="533"><subfield code="a">Electronic reproduction.</subfield><subfield code="b">New York, N.Y. :</subfield><subfield code="c">New York University,</subfield><subfield code="d">2015.</subfield><subfield code="5">NNU</subfield></datafield><datafield ind1=" " ind2="0" tag="650"><subfield code="a">Arabic poetry.</subfield></datafield><datafield ind1="2" ind2=" " tag="710"><subfield code="a">New York University.</subfield><subfield code="b">Libraries.</subfield></datafield><datafield ind1="0" ind2=" " tag="730"><subfield code="a">Arabic Collections Online.</subfield></datafield><datafield ind1="0" ind2="8" tag="776"><subfield code="i">Print version:</subfield><subfield code="a">Ba&#7717;r al-&#699;Ul&#363;m, Mu&#7717;ammad &#7778;&#257;li&#7717;, 1909-</subfield><subfield code="t">D&#299;w&#257;n Ba&#7717;r al-&#699;Ul&#363;m</subfield><subfield code="w">(NNU)001776715</subfield><subfield code="w">(DLC)ne 68002144</subfield></datafield><datafield ind1="4" ind2="0" tag="856"><subfield code="u">http://hdl.handle.net/2333.1/2rbnzvgm</subfield></datafield><datafield ind1="1" ind2=" " tag="880"><subfield code="6">100-01/</subfield><subfield code="a">&#1576;&#1581;&#1585; &#1575;&#1604;&#1593;&#1604;&#1608;&#1605;&#1548; &#1605;&#1581;&#1605;&#1583; &#1589;&#1575;&#1604;&#1581;.</subfield></datafield><datafield ind1="1" ind2="0" tag="880"><subfield code="6">245-02/</subfield><subfield code="a">&#1583;&#1610;&#1608;&#1575;&#1606; &#1576;&#1581;&#1585; &#1575;&#1604;&#1593;&#1604;&#1608;&#1605; /</subfield><subfield code="c">&#1605;&#1581;&#1605;&#1583; &#1589;&#1575;&#1604;&#1581; &#1576;&#1581;&#1585; &#1575;&#1604;&#1593;&#1604;&#1608;&#1605;.</subfield></datafield><datafield ind1=" " ind2=" " tag="880"><subfield code="6">250-03/</subfield><subfield code="a">&#1575;&#1604;&#1591;&#1576;&#1593;&#1577; &#1633;.</subfield></datafield><datafield ind1=" " ind2=" " tag="880"><subfield code="6">260-04/</subfield><subfield code="a">&#1576;&#1594;&#1583;&#1575;&#1583; :</subfield><subfield code="b">&#1605;&#1591;&#1576;&#1593;&#1577; &#1583;&#1575;&#1585; &#1575;&#1604;&#1578;&#1590;&#1575;&#1605;&#1606;&#1548;</subfield><subfield code="c">&#1633;&#1641;&#1638;&#1640;-&#1633;&#1641;&#1638;&#1641;.</subfield></datafield><datafield ind1=" " ind2=" " tag="959"><subfield code="a">NNU</subfield><subfield code="b">WEB</subfield><subfield code="c">GENI</subfield><subfield code="t">0</subfield><subfield code="m">Electronic access</subfield><subfield code="s">01</subfield></datafield><datafield ind1=" " ind2=" " tag="999"><subfield code="i">NNU_001776715</subfield><subfield code="s">nyu_aco000119:v.1</subfield><subfield code="s">nyu_aco000120:v.2</subfield><subfield code="e">(ERROR-880)</subfield></datafield></record>